
   <record>
      <leader>00000nz  a2200000nc 4500</leader>
      <controlfield tag="001">institutions/30004563</controlfield>
      <controlfield tag="003">DE-633</controlfield>
      <controlfield tag="005">20250620052031.0</controlfield>
      <controlfield tag="008">161109||||z|||a|||||||||||||||||n||||||d</controlfield>
      <datafield tag="024" ind1="7" ind2=" ">
         <subfield code="a">NMK-SKm</subfield>
         <subfield code="q">siglum</subfield>
         <subfield code="2">rism</subfield>
      </datafield>
      <datafield tag="040" ind1=" " ind2=" ">
         <subfield code="a">DE-633</subfield>
         <subfield code="c">DE-633</subfield>
         <subfield code="e">rismg</subfield>
      </datafield>
      <datafield tag="043" ind1=" " ind2=" ">
         <subfield code="c">XA-MK</subfield>
      </datafield>
      <datafield tag="110" ind1="1" ind2=" ">
         <subfield code="a">Fakultet za muzička umetnost</subfield>
         <subfield code="c">Skopje</subfield>
         <subfield code="g">NMK-SKm</subfield>
      </datafield>
      <datafield tag="368" ind1=" " ind2=" ">
         <subfield code="a">Institution</subfield>
         <subfield code="a">Library</subfield>
      </datafield>
      <datafield tag="371" ind1=" " ind2=" ">
         <subfield code="a">Pitu Guli br. 1</subfield>
         <subfield code="b">Skopje</subfield>
         <subfield code="d">North Macedonia</subfield>
         <subfield code="e">1000</subfield>
         <subfield code="m">fmu@fmu.ukim.edu.mk</subfield>
         <subfield code="u">http://www.fmu.ukim.edu.mk/</subfield>
         <subfield code="z">tel: +389 / (0)2 / 3134 345</subfield>
         <subfield code="z">fax: +389 / (0)2 / 3161 614</subfield>
      </datafield>
      <datafield tag="410" ind1=" " ind2=" ">
         <subfield code="a">Faculty of Music Arts</subfield>
      </datafield>
      <datafield tag="410" ind1=" " ind2=" ">
         <subfield code="a">Visoka muzička škola</subfield>
      </datafield>
      <datafield tag="410" ind1=" " ind2=" ">
         <subfield code="a">High School of Music</subfield>
      </datafield>
      <datafield tag="510" ind1="2" ind2=" ">
         <subfield code="a">Факултет за музичка уметност</subfield>
      </datafield>
      <datafield tag="551" ind1="1" ind2=" ">
         <subfield code="a">Skopje</subfield>
         <subfield code="0">places/3904232</subfield>
      </datafield>
   </record>