
   <record>
      <leader>00000nz  a2200000nc 4500</leader>
      <controlfield tag="001">institutions/30004564</controlfield>
      <controlfield tag="003">DE-633</controlfield>
      <controlfield tag="005">20250620052031.0</controlfield>
      <controlfield tag="008">161109||||z|||a|||||||||||||||||n||||||d</controlfield>
      <datafield tag="024" ind1="7" ind2=" ">
         <subfield code="a">Q2424573</subfield>
         <subfield code="2">WKP</subfield>
      </datafield>
      <datafield tag="024" ind1="7" ind2=" ">
         <subfield code="a">NMK-SKu</subfield>
         <subfield code="q">siglum</subfield>
         <subfield code="2">rism</subfield>
      </datafield>
      <datafield tag="034" ind1="1" ind2=" ">
         <subfield code="d">21.439294311323373</subfield>
         <subfield code="f">41.99818404551598</subfield>
      </datafield>
      <datafield tag="040" ind1=" " ind2=" ">
         <subfield code="a">DE-633</subfield>
         <subfield code="c">DE-633</subfield>
         <subfield code="e">rismg</subfield>
      </datafield>
      <datafield tag="043" ind1=" " ind2=" ">
         <subfield code="c">XA-MK</subfield>
      </datafield>
      <datafield tag="110" ind1="1" ind2=" ">
         <subfield code="a">Nacionalna i univerzitetska biblioteka "Sv. Kliment Ohridski"</subfield>
         <subfield code="c">Skopje</subfield>
         <subfield code="g">NMK-SKu</subfield>
      </datafield>
      <datafield tag="368" ind1=" " ind2=" ">
         <subfield code="a">Institution</subfield>
         <subfield code="a">Library</subfield>
      </datafield>
      <datafield tag="371" ind1=" " ind2=" ">
         <subfield code="a">6 Bulevar Goce Delčev</subfield>
         <subfield code="a">P.O. Box 566</subfield>
         <subfield code="b">Skopje</subfield>
         <subfield code="d">North Macedonia</subfield>
         <subfield code="e">1000</subfield>
         <subfield code="u">http://www.nubsk.edu.mk</subfield>
         <subfield code="z">tel: +389 / (0)2 / 3115 177</subfield>
         <subfield code="z">fax: +389 / (0)2 / 3226 846</subfield>
      </datafield>
      <datafield tag="410" ind1=" " ind2=" ">
         <subfield code="a">Narodna i univerzitetska biblioteka "Kliment Ohridski"</subfield>
      </datafield>
      <datafield tag="510" ind1="2" ind2=" ">
         <subfield code="a">Национална и универзитетска библиотека „Св. Климент Охридски“</subfield>
      </datafield>
      <datafield tag="510" ind1="2" ind2=" ">
         <subfield code="a">National and University Library "St. Kliment Ohridski"</subfield>
      </datafield>
      <datafield tag="551" ind1="1" ind2=" ">
         <subfield code="a">Skopje</subfield>
         <subfield code="0">places/3904232</subfield>
      </datafield>
   </record>
</collection>
